<?xml version="1.0" encoding="UTF-8"?><record xmlns="http://www.loc.gov/MARC21/slim" xmlns:cinclude="http://apache.org/cocoon/include/1.0" xmlns:zs="http://www.loc.gov/zing/srw/">
  <leader>00480cz  a2200145n  4500</leader>
  <controlfield tag="001">n  96056569 </controlfield>
  <controlfield tag="003">DLC</controlfield>
  <controlfield tag="005">20001110070305.0</controlfield>
  <controlfield tag="008">960610n| acannaabn          |a aaa      </controlfield>
  <datafield tag="010" ind1=" " ind2=" ">
    <subfield code="a">n  96056569 </subfield>
  </datafield>
  <datafield tag="035" ind1=" " ind2=" ">
    <subfield code="a">(OCoLC)oca04095439</subfield>
  </datafield>
  <datafield tag="040" ind1=" " ind2=" ">
    <subfield code="a">DLC</subfield>
    <subfield code="b">eng</subfield>
    <subfield code="c">DLC</subfield>
    <subfield code="d">DLC</subfield>
    <subfield code="d">OCoLC</subfield>
  </datafield>
  <datafield tag="100" ind1="1" ind2=" ">
    <subfield code="a">Adamczick-Gerteis, Ute,</subfield>
    <subfield code="d">1964-</subfield>
  </datafield>
  <datafield tag="400" ind1="1" ind2=" ">
    <subfield code="a">Gerteis, Ute Adamczick-,</subfield>
    <subfield code="d">1964-</subfield>
  </datafield>
  <datafield tag="670" ind1=" " ind2=" ">
    <subfield code="a">Documents on reform of the United Nations, c1997:</subfield>
    <subfield code="b">CIP t.p. (Ute Adamczick-Gerteis) data sheet (b. Feb. 16, 1964)</subfield>
  </datafield>
</record>